@incollection{evans2006,
address = {Amsterdam},
author = {Evans, M. J. B.},
publisher = {Elsevier},
title = {Measurement of surface and interfacial tension},
booktitle = {Measurement of the thermodynamic properties of multiple phases},
volume = {VII},
editor = {Weir, R. D. and de Loos, Th. W.},
year = {2006},
}

@incollection{evans1992,
address = {Marcel Dekker, New York},
author = {Evans, R.},
publisher = {Henderson},
title = {Density functionals in the theory of nonuniform fluids},
booktitle = {Fundamentals of inhomogeneous fluids},
editor = {Henderson, D.},
year = {1992},
}

@article{davis1982,
author = {Davis, H. T. and Scriven, L. E.},
journal = {Adv. Chem. Phys.},
pages = {357-454},
title = {Stress and structure in fluid interfaces},
volume = {49},
year = {1982},
url = {https://doi.org/10.1002/9780470142691.ch6},
}

@book{dukhin1995,
author = {Dukhin, S.S. and  Kretzchmar, G. and Miller, B},
title = {Dynamics of Adsorption at Liquid Interfaces},
address = {Amsterdam},
publisher = {Elsevier},
year = {1995},
}

@book{frenkel2002,
address = {Amsterdam},
author = {Frenkel, D. and Smit, B.},
edition = {2$^{\mathrm{nd}}$},
publisher = {Elsevier},
title = {Understanding Molecular Simulation: From Algorithms to Applications},
year = {2002},
}

@article{faraday2014,
author = {Various.},
journal = {Faraday Discuss.},
pages = {379-401},
title = {Computing power revolution and new algorithms: GP-GPUs, clouds and more: general discussion},
volume = {169},
year = {2014},
url = {https://doi.org/10.1039/c4fd90021a},
}

@article{lau2015,
  author = {Lau, G.V. and Ford, I.J. and Hunt, P.A. and M\"{u}ller, E.A. and Jackson, G.},
  title = {Surface thermodynamics of planar, cylindrical, and spherical vapour-liquid interfaces of water},
  journal = {J. Chem. Phys.},
  year = {2015},
  volume = {142},
  pages = {114701},
  url = {https://doi.org/10.1063/1.4913371},
}

@article{liu1974,
author = {Liu, K. S.},
journal = {J. Chem. Phys},
pages = {4226-4230},
title = {Phase separation of Lennard-Jones systems: A film in equilibrium with vapor},
volume = {60},
year = {1974},
url = {https://doi.org/10.1063/1.1680892},
}

@book{rowlinson1982,
  author = {Rowlinson, J.S. and Widom, B.},
  title = {Molecular theory of capillarity},
  address = {Oxford},
  publisher = {Clarendon},
  year = {1982},
}

@book{allen2017,
author = {Allen, M. P. and Tildesley, D. J.},
title = {Computer Simulation of Liquids},
edition = {2$^{\mathrm{nd}}$},
address = {Oxford},
publisher = {Oxford University Press},
year = {2017},
}

@book{gray2011,
author = {Gray, C. G. and Gubbins, K. E. and Joslin, C. G.},
title = {Theory of Molecular Fluids: Vol. 2: Applications},
publisher = {Oxford University Press},
address = {New York},
year = {2011},
}

@article{ghoufi2016,
  author = {Ghoufi, A. and Malfreyt, P. and Tildesley, D.J.},
  title = {Computer modelling of the surface tension of the gas-liquid and liquid-liquid interface},
  journal = {Chem. Soc. Rev.},
  year = {2016},
  volume = {45},
  pages = {1387-1409},
  url = {http://dx.doi.org/10.1039/C5CS00736D},
}
@article{holcomb1993,
  author = {Holcomb, C.D. and Clancy, P. and Zollweg, J. A.},
  title = {A critical study of the simulation of the
  liquid-vapour interface of a Lennard-Jones fluid.},
  journal = {Mol. Phys.},
  year = {1993},
  volume = {78},
  pages = {437-459},
  url = {https://doi.org/10.1080/00268979300100321},
}
@article{gloor2005,
  author = {Gloor, G.J. and Jackson, G. and Blas, F.J. and de Miguel, E.},
  title = {Test-area simulation method for the direct determination of the interfacial tension of systems with continuous or discontinuous potentials},
  journal = {J. Chem. Phys.},
  year = {2005},
  volume = {123},
  pages = {134703-1\textendash{}134703-19},
  url = {https://doi.org/10.1063/1.2038827},
}

@article{zhang1995,
author = {Zhang, Y. and Feller, S. E. and Brooks, B.R. and Pastor, R. W.},
title = {Computer simulation of liquid/liquid interfaces. I. Theory and application to octane/water},
journal = {J. Chem. Phys.},
year = {1995},
volume = {103},
pages = {10252-10266},
url = {https://doi.org/10.1063/1.46992},
}

@article{muller2009,
  author = {M\"{u}ller, E. A. and Mej\'{i}a, A.},
  title = {Interfacial properties of selected binary mixtures containing n-alkanes},
  journal = {Fluid Phase Equilibria},
  year = {2009},
  volume = {282},
  pages = {68-81},
  url = {https://doi.org/10.1016/j.fluid.2009.04.022},
}

@article{blas2008,
  author = {Blas, F. J. and MacDowell, L. G. and de Miguel, E. and Jackson, G.},
  title = {Vapor-liquid interfacial properties of fully flexible Lennard-Jones chains},
  journal = {J. Chem. Phys.},
  year = {2008},
  volume = {129},
  pages = {144703-1 - 144703-9},
  url = {https://doi.org/10.1063/1.2989115},
}

@article{walton1983,
author = {Walton, J. P. R. B. and Tildesley, D. J. and Rowlinson, J. S. and Henderson, J.R.},
journal = {Mol. Phys.},
pages = {1357-1368},
title = {The pressure tensor at the planar surface of a liquid},
volume = {48},
year = {1983},
url = {https://doi.org/10.1080/00268978300100971},
}

@article{chapela1977,
author = {Chapela, G. A. and Saville, G. and Thompson, S. M. and Rowlinson, J. S.},
journal = {Faraday Trans.},
number = {73},
pages = {1133-1144},
title = {Computer simulation of a gas-liquid surface. Part 1.},
volume = {2},
year = {1977},
doi = {http://dx.doi.org/10.1039/F29777301133},
}

@article{trokhymchuk1999,
author = {Trokhymchuk, A. and Alejandre, J.},
journal = {J. Chem. Phys.},
pages = {8510-8523},
title = {Computer simulations of liquid/vapor interface in Lennard-Jones fluids: Some questions and answers},
volume = {111},
year = {1999},
url = {https://doi.org/10.1063/1.480192},
}

@article{mecke1997,
author = {Mecke, M. and Winkelmann, J. and Fischer, J.},
journal = {J. Chem. Phys.},
pages = {9264-9240},
title = {Molecular dynamics simulation of the liquid-vapor interface: The Lennard-Jones fluid},
volume = {107},
year = {1997},
url = {https://doi.org/10.1063/1.475217},
}

@article{mecke1999,
author = {Mecke, M. and Winkelmann, J. and Fischer, J.},
journal = {J. Chem. Phys.},
pages = {1188-1194},
title = {Molecular dynamics simulation of the liquid-vapor interface: Binary mixtures of Lennard-Jones fluids},
volume = {110},
year = {1999},
url = {https://doi.org/10.1063/1.478160},
}

@article{duque2004,
author = {Duque, D. and Vega, LF.},
journal = {J. Chem. Phys.},
pages = {8611-8617},
title = {Some issues on the calculation of interfacial properties by molecular simulation},
volume = {121},
year = {2004},
url = {https://doi.org/10.1063/1.1802672},
}

@article{errington2007,
author = {Errington, J. R. and Kofke, D. A.},
journal = {J. Chem. Phys.},
pages = {174709-1 -- 174709-12},
title = {Calculation of surface tension via area sampling},
volume = {127},
year = {2007},
url = {https://doi.org/10.1063/1.2795698},
}

@article{stephan2019,
author = {Stephan, S. and Langenbach, H. and Hasse, H.},
journal = {J. Chem. Phys.},
number = {174704},
title = {Interfacial properties of binary Lennard- Jones mixtures by molecular simulation and density gradient theory},
volume = {150},
year = {2019},
url = {https://doi.org/10.1063/1.5093603},
}

@unpublished{wiki,
note = {Last accessed April 2020},
title = {Wikipedia: comparison of MS software},
url = {https://en.wikipedia.org/wiki/Comparison_of_software_for_molecular_mechanics_modeling},
}

@unpublished{avogadro,
author = {Avogadro},
note = {Last accessed April 2020},
url = {https://avogadro.cc},
}

@unpublished{xmgrace,
note = {Last accessed April 2020},
title = {xmgrace},
url = {http://plasma-gate.weizmann.ac.il/Grace/},
}

@unpublished{vmd,
note = {Last accessed April 2020},
title = {VMD: Visual Molecular Dynamics},
url = {https://www.ks.uiuc.edu/Research/vmd/},
}

@unpublished{ovito,
note = {Last accessed April 2020},
title = {OVITO},
url = {https://www.ovito.org/},
}

@unpublished{pymol,
note = {Last accessed April 2020},
title = {PyMol},
url = {https://pymol.org/2/},
}

@misc{lemmon2013,
  author = {Lemmon, E.W. and Huber, M.L. and McLinden, M. O.},
  title = {NIST Standard Reference Database 23: Reference Fluid Thermodynamic and Transport Properties - REFPROP, Version 9.1},
  note = {Standard Reference Data Program, National Institute of Standards and Technology},
  year = {2013},
  url = {https://webbook.nist.gov/chemistry/},
}

@article{binder1982,
author = {Binder, K.},
journal = {Phys. Rev. A},
pages = {1699-1709},
title = {Monte Carlo calculation of the surface tension for two- and three-dimensional lattice-gas models},
volume = {25},
year = {1982},
url = {https://doi.org/10.1103/PhysRevA.25.1699},
}

@article{schrader2009,
  author = {Schrader, M. and Virnau, P. and Winter, D. and Zykova-Timan, T. and Binder, K.},
  title = {Methods to extract interfacial free energies of flat and curved interfaces from computer simulations},
  journal = {Eur. Phys. J. Special Topics},
  year = {2009},
  volume = {177},
  pages = {103-127},
  url = {https://doi.org/10.1140/epjst/e2009-01170-y},
}

@article{errington2003,
author = {Errington, J. R.},
journal = {Phys. Rev. E},
number = {012102},
title = {Evaluating surface tension using grand-canonical transition-matrix Monte Carlo simulation and finite-size scaling},
volume = {67},
year = {2003},
url = {https://doi.org/10.1103/PhysRevE.67.012102},
}

@inproceedings{hulshof1901,
author = {Hulshof, H.},
booktitle = {Proc. Sect. Sci. Konink. Akad. Weten. Amsterdam},
note = {See also Ann. Physik 309 (1):165${-}$186.},
pages = {389-398},
title = {The direct deduction of the capillary constant ${\upsigma}$ as a surface-tension},
year = {1901},
}

@article{martinez2005,
author = {Mart\'{i}nez-Veracoechea, F. and M\"{u}ller, E. A.},
journal = {Molecular Simulation},
pages = {33 - 43},
title = {Temperature-quench molecular dynamics simulations for fluid phase equilibria},
volume = {31},
year = {2005},
url = {https://doi.org/10.1080/08927020412331298991},
}

@article{shaver2001,
author = {Shaver, R. D. and Robinson Jr, R. L. and Gasem Kam},
journal = {Fluid Phase Equilibria},
pages = {43 - 66},
title = {An automated apparatus for equilibrium phase compositions, densities, and interfacial tensions: data for carbon dioxide + decane},
volume = {179},
year = {2001},
url = {https://doi.org/10.1016/S0378-3812(00)00475-1},
}

@article{gonzalez2005,
author = {Gonzalez-Melchor, M. and Orea, P. and L\'{o}pez-Lemus, J. and Bresme, F. and Alejandre, J.},
journal = {J. Chem. Phys.},
pages = {094503 1-8},
title = {Stress anisotropy induced by periodic boundary conditions},
volume = {122},
year = {2005},
url = {https://doi.org/10.1063/1.1854625},
}

@article{orea2005,
author = {Orea, P. and L\'{o}pez-Lemus, J. and Alejandre, J.},
journal = {J. Chem. Phys.},
number = {11470},
pages = {14702-6},
title = {Oscillatory surface tension due to finite-size effects},
volume = {123},
year = {2005},
url = {https://doi.org/10.1063/1.2018640},
}

@article{janecek2009,
author = {Janecek, J.},
journal = {J. Chem. Phys.},
number = {12451},
pages = {24513-9},
title = {Effect of the interfacial area on the equilibrium properties of Lennard-Jones fluid},
volume = {131},
year = {2009},
url = {https://doi.org/10.1063/1.3238550},
}

@article{kunz2012,
author = {Kunz, O. and Wagner, W.},
journal = {J. Chem. Eng. Data},
pages = {3032-3091},
title = {The GERG-2008 wide-range equation of state for natural gases and other mixtures: an expansion of GERG-2004},
volume = {57},
year = {2012},
url = {https://doi.org/10.1021/je300655b},
}

@article{lafitte2013,
author = {Lafitte, T. and Apostolakou, A. and Avenda\~{n}o, C. and Galindo, A. and Adjiman, C. S. and M\"{u}ller, E. A. and Jackson, G.},
journal = {J. Chem. Phys.},
number = {15},
pages = {54504-37},
title = {Accurate statistical associating fluid theory for chain molecules formed from Mie segments},
volume = {139},
year = {2013},
url = {https://doi.org/10.1063/1.4819786},
}

@article{hoover1985,
author = {Hoover, W. G.},
journal = {Phys. Rev. A},
pages = {1695-1697},
title = {Canonical dynamics: equilibrium phase-space distributions},
volume = {31},
year = {1985},
url = {https://doi.org/10.1103/PhysRevA.31.1695},
}

@article{martyna1992,
author = {Martyna, G. J. and Klein, M. L. and Tuckerman, M.},
journal = {J. Chem. Phys.},
pages = {2635-2643},
title = {Nos\'{e} - Hoover chains: the canonical ensemble via continuous dynamics},
volume = {97},
year = {1992},
url = {https://doi.org/10.1063/1.463940},
}

@article{shirts2013,
author = {Shirts, M. R.},
journal = {J. Chem. Theory Comput.},
pages = {909-926},
title = {Simple quantitative tests to validate sampling from thermodynamic ensembles},
volume = {9},
year = {2013},
url = {https://doi.org/10.1021/ct300688p},
}

@article{wong2016,
  author = {Wong-ekkabut, J. and Karttunen, M.},
  title = {The good, the bad and the user in soft matter simulations},
  journal = {BBA - Biomembranes},
  year = {2016},
  volume= {1858},
  pages = {2529-2538},
  url = {https://doi.org/10.1016/j.bbamem.2016.02.004},
}

@article{berendsen1984,
author = {Berendsen, H. J. C. and Postma, J. P. M. and van Gunsteren, W. F. and DiNola, A. and Haak, J. R.},
journal = {J. Chem. Phys.},
pages = {3684-3690},
title = {Molecular dynamics with coupling to an external bath},
volume = {81},
year = {1984},
doi = {http://dx.doi.org/10.1063/1.448118},
}

@article{herdes2018,
  author = {Herdes, C. and Ervik, \AA{}. and Mej\'{i}a, A. and M\"{u}ller, E. A.},
  title = {Prediction of the water/oil interfacial tension from molecular simulations using the
coarse-grained SAFT-{${\upgamma}$} Mie force field},
  journal = {Fluid Phase Equilibria},
  year = {2018},
  volume = {476},
  pages = {9-15},
  url = {https://doi.org/10.1016/j.fluid.2017.06.016},
}

@article{chen2018,
  author = {Chen, J. L. and Xue, B. and Harwood, D. B. and Chen, Q. P. and Peters, C. J. and Siepmann, J. I.},
  title = {A Monte Carlo simulation study of the interfacial tension for water/oil mixtures at elevated temperatures and
pressures: Water/n-dodecane, water/toluene, and water/(n-dodecane + toluene)},
  journal = {Fluid Phase Equilibria},
  year = {2018},
  volume = {476},
  pages = {16-24},
  url = {https://doi.org/10.1016/j.fluid.2017.06.015},
}

@book{tuckerman2010,
address = {Oxford, England},
author = {Tuckerman, M. E.},
title = {Statistical Mechanics: Theory and Molecular Simulation},
publisher = {Oxford University Press},
year = {2010},
}

@article{muller2014,
author = {M\"{u}ller, E. A. and Jackson, G.},
journal = {Annu. Rev. Chem. Biomol. Eng.},
pages = {405-427},
title = {Force-field parameters from the SAFT-${\upgamma}$ equation of state for use in coarse-grained molecular simulations},
volume = {5},
year = {2014},
url = {https://doi.org/10.1146/annurev-chembioeng-061312-103314},
}

@article{avendano2011,
  author = {Avenda\~{n}o, C. and Lafitte, T. and Galindo, A. and Adjiman, C. S. and Jackson, G. and M\"{u}ller, E. A.},
  title = {SAFT-${\upgamma}$ force field for the simulation of molecular fluids. 1. A single-site coarse grained model of carbon dioxide},
  journal = {J. Phys. Chem. B},
  year = {2011},
  volume = {115},
  pages = {11154-11169},
  url = {https://doi.org/10.1021/jp204908d},
}

@article{lotfi1990,
author = {Lotfi, A. and Vrabec, J. and Fischer, J.},
journal = {Molecular Simulation},
pages = {233-243},
title = {Orthobaric Densities from Simulations of the Liquid Vapour Interface},
volume = {5},
year = {1990},
url = {https://doi.org/10.1080/08927029008022133},
}

@article{janecek2006,
author = {Jane\v{c}ek, J.},
journal = {J. Phys. Chem. B},
pages = {6264 - 6269},
title = {Long Range Corrections in Inhomogeneous Simulations},
volume = {110},
year = {2006},
url = {https://doi.org/10.1021/jp056344z},
}

@article{siperstein2002,
author = {Siperstein, F. and Myers, A. L. and Talu, O.},
journal = {Mol. Phys.},
pages = {2025-2030},
title = {Long range corrections for computer simulations of adsorption},
volume = {100},
year = {2002},
url = {https://doi.org/10.1080/00268970110109916},
}

@article{lishchuk2018,
author = {Lishchuk, S. V. and Fischer, J.},
journal = {J. Chem. Phys.},
pages = {091102},
title = {Long range corrections in liquid-vapor interface simulations},
volume = {149},
year = {2018},
url = {https://doi.org/10.1063/1.5048925},
}

@article{ewald1921,
author = {Ewald, P. P.},
journal = {Ann. Phys.},
pages = {253-287},
title = {Die Berechnung optischer und elektrostatischer Gitterpotentiale},
volume = {369},
year = {1921},
url = {https://doi.org/10.1002/andp.19213690304},
}

@article{barker1973,
author = {Barker, J. A. and Watts, R. O.},
journal = {Mol. Phys.},
pages = {789-792},
title = {Monte Carlo studies of the dielectric properties of water-like models},
volume = {26},
year = {1973},
url = {https://doi:10.1080/00268977300102101},
}

@article{watts1974,
author = {Watts, R. O.},
journal = {Mol. Phys.},
pages = {1069-1083},
title = {Monte Carlo studies of liquid water},
volume = {28},
year = {1974},
doi = {10.1080/00268977400102381},
}

@article{darden1993,
author = {Darden, T. A. and York, D. M. and Pedersen, L. G.},
journal = {J. Chem. Phys.},
pages = {10089-10092},
title = {Particle mesh Ewald: An N${\cdot}$log(N) method for Ewald sums in large systems},
volume = {98},
year = {1993},
url = {https://doi.org/10.1063/1.464397},
}

@article{wolf1999,
author = {Wolf, D. and Keblinski, P. and Phillpot, S. R. and Eggebrecht, J.},
journal = {J. Chem. Phys.},
pages = {8254-8282},
title = {Exact method for the simulation of Coulombic systems by spherically truncated, pairwise r$^{-1}$ summation},
volume = {110},
year = {1999},
url = {https://doi.org/10.1063/1.478738},
}

@unpublished{kissel,
author = {Kissel, M. and others},
note = {In preparation},
}

@article{mejia2005,
author = {Mej\'{i}a, A. and P\`{a}mies, J. C. and Duque, D. and Segura, H. and Vega, L. F.},
journal = {J. Chem. Phys.},
pages = {034505 - 034515},
title = {Phase and interface behavior in Type I and Type V Lennard-Jones mixtures: Theory and Simulations},
volume = {123},
year = {2005},
url = {https://doi.org/10.1063/1.1955529},
}

@article{mejia2014a,
  author = {Mej\'{i}a, A. and Cartes, M. and Segura, H. and M\"{u}ller, E. A.},
  title = {Use of equations of state and coarse grained simulations to
  complement experiments: describing the interfacial properties of carbon dioxide
  + decane and carbon dioxide + eicosane mixtures},
  journal = {J. Chem. Eng. Data},
  year = {2014},
  volume = {59},
  pages = {2928-2941},
  url = {https://doi.org/10.1021/je5000764},
}

@article{long2013,
  author = {Long, Y. and Palmer, J. C. and Coasne, B. and \'{S}liwinska-Bartkowiak, M. and Jackson, G. and M\"{u}ller, E. A. and
Gubbins, K. E},
  title = {On the molecular origin of high-pressure effects in nanoconfinement: The role of surface chemistry and roughness},
  journal = {J. Chem. Phys.},
  year = {2013},
  volume = {139},
  pages = {144701},
  url = {https://doi.org/10.1063/1.4824125},
}

@article{mejia2014b,
  author = {Mej\'{i}a, A. and Herdes, C and M\"{u}ller, E. A.},
  title = {Force fields for coarse-grained molecular simulations from a corresponding states correlation},
  journal = {Ind. Eng. Chem. Res.},
  year = {2014},
  volume = {53},
  pages = {104131-104141},
  url = {https://doi.org/10.1021/ie404247e},
}

@article{irving1950,
author = {Irving, J. H. and Kirkwood, J. G.},
journal = {J. Chem. Phys.},
pages = {817-829},
title = {The statistical mechanical theory of transport processes. IV. The equations of hydrodynamics},
volume = {18},
year = {1950},
url = {https://doi.org/10.1063/1.1747782},
}

@article{harasima1957,
author = {Harasima, A.},
journal = {Advances in Chemical Physics},
pages = {203-237},
title = {Molecular Theory of Surface Tension},
volume = {1},
year = {1957},
url = {https://doi.org/10.1002/9780470143476.ch7},
}

@article{sampayo2010,
author = {Sampayo, J. G. and Malijevsk\'{y}, A. and M\"{u}ller, E. A. and de Miguel, E. and Jackson, G.},
journal = {J. Chem. Phys.},
pages = {14110},
title = {Evidence for the role of fluctuations in the thermodynamics of nanoscale drops and the implications in computations of the surface tension},
volume = {132},
year = {2010},
url = {https://doi.org/10.1063/1.3376612},
}

@article{muller2011,
  author = {M\"{u}ller, E. A. and Mej\'{i}a, A.},
  title = {Comparison of United-Atom potentials for the simulation of vapor-liquid
equilibria and interfacial properties of long-chain n-alkanes up to n-C100},
  journal = {J. Phys. Chem. B},
  year = {2011},
  volume = {115},
  pages = {12822-12834},
  url = {https://doi.org/10.1021/jp203236q},
}

@article{gelb2002,
author = {Gelb, L. and M\"{u}ller, E. A.},
journal = {Fluid Phase Equilibria},
pages = {1-14},
title = {Location of phase equilibria by temperature-quench molecular dynamics simulations},
volume = {203},
year = {2002},
url = {https://doi.org/10.1016/S0378-3812(02)00174-7},
}

@article{schappals2017,
author = {Schappals, M. and Mecklenfeld, A. and Kr\"{o}ger, L. and Botan, V. and K\"{o}ster, A. and Stephan, S. and Garc\'{i}a, E. J. and Rutkai, G. and Raabe, G. and Klein, P. and Leonhard, K. and Glass, C. W. and Lenhard, J. and Vrabec, J. and Hasse, H.},
journal = {J. Chem. Theory Comput.},
pages = {4270-4280},
title = {Round Robin Study: Molecular Simulation of Thermodynamic Properties from Models with Internal Degrees of Freedom},
volume = {13},
year = {2017},
url = {https://doi.org/10.1021/acs.jctc.7b00489},
}

@article{hess2002,
  author = {Berk Hess},
  journal = {J. Chem. Phys.},
  title = {Determining the shear viscosity of model liquids from molecular dynamics simulations},
  volume = {116},
  year = {2002},
  url = {https://doi.org/10.1063/1.1421362},
}

@book{efron1982,
address = {Philadelphia},
author = {Bradley Efron},
publisher = {SIAM},
title = {The jackknife, the bootstrap, and other resampling plans},
year = {1982},
}
